<?xml version="1.0" encoding="UTF-8"?><collection xmlns="http://www.loc.gov/MARC21/slim"><record><leader>00551nam--2200193-i-4500</leader><controlfield tag="001">000014986</controlfield><controlfield tag="002">20161230</controlfield><controlfield tag="005">20161230201031</controlfield><controlfield tag="008">060222s1000------------r-----000-0-eng-d</controlfield><datafield ind1=" " ind2=" " tag="040"><subfield code="a">IFIN-HH</subfield></datafield><datafield ind1=" " ind2=" " tag="080"><subfield code="a">533.6</subfield></datafield><datafield ind1="1" ind2=" " tag="100"><subfield code="a">Bond, John W</subfield></datafield><datafield ind1="1" ind2="0" tag="245"><subfield code="a">Atomic theory of gas dynamics</subfield><subfield code="c">John w. bond, kenneth m. watson, jasper a welch, jr</subfield></datafield><datafield ind1=" " ind2=" " tag="260"><subfield code="a">Reading, Addison-wesley, 1965</subfield></datafield><datafield ind1=" " ind2=" " tag="300"><subfield code="a">X + 518 P</subfield></datafield><datafield ind1=" " ind2=" " tag="490"><subfield code="a">Addison-wesley Series In Aerospace Science</subfield></datafield><datafield ind1="1" ind2=" " tag="700"><subfield code="a">Welch, Jasper</subfield></datafield><datafield ind1=" " ind2=" " tag="852"><subfield code="a">76231</subfield><subfield code="c">533.7</subfield></datafield><datafield ind1=" " ind2=" " tag="CAT"><subfield code="a">Sys</subfield><subfield code="c">20100915</subfield><subfield code="h">154237</subfield></datafield></record></collection>